@misc{ref:s2c-manual,
  author = {EvoLogics},
  title = {{S2C Reference Manual}},
  howpublished = "Release to Customers"
}

@misc{ref:fundelectr,
  author = {Jean-Fran√ßois Millithaler},
  title = {{Fundamentals of Electricity}},
  howpublished = "\url{https://faculty.uml.edu/JeanFrancois_Millithaler/FunElec/Spring2017/materials.html}",
  note = "[Online; accessed 10-March-2022]"
}

@misc{ref:physics802,
  author = {MIT Physics 8.02},
  title = {{Electricity and Magnetism}},
  howpublished = "\url{https://web.mit.edu/viz/EM/visualizations/coursenotes/}",
  note = "[Online; accessed 13-March-2022]"
}

